
@book{driscoll_linear_1990,
	location = {La Grange Park, Ill., {USA}},
	title = {The linear reactivity model for nuclear fuel management},
	isbn = {978-0-89448-035-5},
%	url = {https://catalog.hathitrust.org/Record/003089974},
	pagetotal = {xvi, 233 p.},
	publisher = {American Nuclear Society},
	author = {Driscoll, M. J. and Pilat, E. E. and Downar, Thomas Joseph.},
	urldate = {2017-11-13},
	date = {1990},
	keywords = {Reactivity, Management., Mathematical models., Nuclear fuels, Nuclear reactors},
	file = {Hathi Trust Record:/Users/nuclearkatie/Zotero/storage/VXPIT7RM/003089974.html:text/html}
}